@book{piash,
author = {},
title = {Smart Irrigation Technology: Controllers and Sensors | Oklahoma State University},
month = {01},
year = {2023},
}
@book{jakaria,
author = {},
title = {An overview of smart irrigation systems using IoT - ScienceDirect},
howpublished = {\url{https://www.sciencedirect.com/science/article/pii/S2772427122000791}},
month = {01},
year = {2023}
}

@book{FutureSc95:online,
author = {},
title = {Future Scope of Smart Irrigation System using IoT | Features \& Applications},
howpublished = {\url{https://dipslab.com/smart-irrigation-system/}},
month = {01},
year = {2023},

}